% This file was created with JabRef 2.5.
% Encoding: MacRoman

@INPROCEEDINGS{DBLP:conf/er/BowersMS08,
  author = {Shawn Bowers and Joshua S. Madin and Mark P. Schildhauer},
  title = {A Conceptual Modeling Framework for Expressing Observational Data
	Semantics},
  booktitle = {ER},
  year = {2008},
  pages = {41-54},
  bibsource = {DBLP, http://dblp.uni-trier.de},
  crossref = {DBLP:conf/er/2008},
  ee = {http://dx.doi.org/10.1007/978-3-540-87877-3_5}
}

@PROCEEDINGS{DBLP:conf/er/2008,
  title = {Conceptual Modeling - ER 2008, 27th International Conference on Conceptual
	Modeling, Barcelona, Spain, October 20-24, 2008. Proceedings},
  year = {2008},
  editor = {Qing Li and Stefano Spaccapietra and Eric S. K. Yu and Antoni Oliv{\'e}},
  volume = {5231},
  series = {Lecture Notes in Computer Science},
  publisher = {Springer},
  bibsource = {DBLP, http://dblp.uni-trier.de},
  booktitle = {ER},
  isbn = {978-3-540-87876-6}
}

@comment{jabref-meta: selector_publisher:}

@comment{jabref-meta: selector_author:}

@comment{jabref-meta: selector_journal:}

@comment{jabref-meta: selector_keywords:}

