% This file was created with JabRef 2.5.
% Encoding: UTF-8

@ARTICLE{DBLP:journals/dke/Moody05,
  author = {Daniel L. Moody},
  title = {Theoretical and practical issues in evaluating the quality of conceptual
	models: current state and future directions},
  journal = {Data Knowl. Eng.},
  year = {2005},
  volume = {55},
  pages = {243-276},
  number = {3},
  bibsource = {DBLP, http://dblp.uni-trier.de},
  ee = {http://dx.doi.org/10.1016/j.datak.2004.12.005},
  owner = {huiping},
  timestamp = {2010.02.03}
}

@comment{jabref-meta: selector_publisher:}

@comment{jabref-meta: selector_author:}

@comment{jabref-meta: selector_journal:}

@comment{jabref-meta: selector_keywords:}

